<record><leader>00000cas a22000007a 4500</leader><controlfield tag="001">11601862</controlfield><controlfield tag="008">850121d18791880iauwr ne      0    0eng d</controlfield><datafield ind1=" " ind2=" " tag="010"><subfield code="a">sn 85049521 </subfield></datafield><datafield ind1=" " ind2=" " tag="040"><subfield code="a">INP</subfield><subfield code="b">eng</subfield><subfield code="c">INP</subfield><subfield code="d">OCLCQ</subfield></datafield><datafield ind1=" " ind2=" " tag="042"><subfield code="a">msc</subfield></datafield><datafield ind1="0" ind2="4" tag="245"><subfield code="a">The Iowa City journal.</subfield></datafield><datafield ind1=" " ind2=" " tag="260"><subfield code="a">Iowa City, Iowa :</subfield><subfield code="b">Journal Print. Co.,</subfield><subfield code="c">1879-1880.</subfield></datafield><datafield ind1=" " ind2=" " tag="300"><subfield code="a">v. ;</subfield><subfield code="c">57-63 cm.</subfield></datafield><datafield ind1=" " ind2=" " tag="310"><subfield code="a">Weekly</subfield></datafield><datafield ind1="0" ind2=" " tag="362"><subfield code="a">Mar. 27, 1879-May 14, 1880.</subfield></datafield><datafield ind1=" " ind2=" " tag="525"><subfield code="a">June 20, 1879 issue includes supplement of the 19th annual commencement of the State University of Iowa.</subfield></datafield><datafield ind1=" " ind2=" " tag="752"><subfield code="a">United States</subfield><subfield code="b">Iowa</subfield><subfield code="c">Johnson</subfield><subfield code="d">Iowa City.</subfield></datafield></record>